@inbook{Rodgers,
	author="Д. Роджерс",
	title="Алгоритмические основы машинной графики",
	publisher="Москва: Мир",
	language="russian",
	year=1989
}

@misc{morph_spheres,
	title="Алгоритм Морфинга для создания сферических панорам [Электронный ресурс]",
	howpublished="Режим доступа: \url{https://clck.ru/35ghkJ} (дата обращения: 20.07.2023)"
}

@misc{DMorph,
	title="DMorph",
	howpublished="Режим доступа: \url{https://www.graphicon.ru/oldgr/courses/cg/assigns/2004/hw4/g5078.pdf} (дата обращения 25.07.23)"
}

@misc{weight_morphing,
	title="Weight morphing",
	howpublished="Режим доступа: \url{https://igl.ethz.ch/projects/bbw/bounded-biharmonic-weights-siggraph-2011-compressed-jacobson-et-al.pdf} (дата обращения 01.08.23)"
}

@misc{morphing_algo,
	title="Real-time Object Morphing",
	howpublished="Режим доступа: \url{https://www.gamedev.net/reference/articles/article670.asp} (дата обращения 20.07.23)"
}

@misc{morphing_methods,
	title="A Comparison of Mesh Morphing Methods",
	howpublished="Режим доступа: \url{https://clck.ru/35on9b} (дата обращения 25.07.23)"
}

@misc{draw_methods,
	title="Методы закраски",
	howpublished="Режим доступа: https://clck.ru/35qmXd (дата обращения 24.09.23)"
}